
@misc{unsplash_photo_2020,
	title = {Photo by {Lee} {Thomas} on {Unsplash}},
	url = {https://unsplash.com/photos/black-and-red-arcade-machine-BjIALEkr_Wg},
	abstract = {https://lee-t.com/socials
 â€“ Download this photo by Lee Thomas on Unsplash},
	language = {en-US},
	urldate = {2024-09-24},
	author = {Unsplash},
	month = may,
	year = {2020},
	file = {Snapshot:/home/casey/Zotero/storage/E2YXX357/black-and-red-arcade-machine-BjIALEkr_Wg.html:text/html},
}
